<record><leader>00000cas a22000007a 4500</leader><controlfield tag="001">9988162</controlfield><controlfield tag="008">831006d18401843nyuwr ne      0    0eng d</controlfield><datafield ind1=" " ind2=" " tag="010"><subfield code="a">sn 83031258 </subfield></datafield><datafield ind1=" " ind2=" " tag="040"><subfield code="a">NPU</subfield><subfield code="b">eng</subfield><subfield code="c">NPU</subfield><subfield code="d">NYG</subfield><subfield code="d">NYS</subfield><subfield code="d">WAU</subfield><subfield code="d">OCL</subfield><subfield code="d">OCLCQ</subfield><subfield code="d">OCLCF</subfield><subfield code="d">OCLCO</subfield></datafield><datafield ind1=" " ind2=" " tag="042"><subfield code="a">msc</subfield></datafield><datafield ind1=" " ind2=" " tag="043"><subfield code="a">n-us-ny</subfield></datafield><datafield ind1="0" ind2="0" tag="245"><subfield code="a">Corning and Blossburg advocate.</subfield></datafield><datafield ind1=" " ind2=" " tag="260"><subfield code="a">Corning, Steuben County, N.Y. :</subfield><subfield code="b">Charles Adams</subfield></datafield><datafield ind1=" " ind2=" " tag="300"><subfield code="a">v.</subfield></datafield><datafield ind1=" " ind2=" " tag="310"><subfield code="a">Weekly</subfield></datafield><datafield ind1="1" ind2=" " tag="362"><subfield code="a">Began July 31, 1840; ceased in 1843.</subfield><subfield code="z">Cf. NIM : US. 1973.</subfield></datafield><datafield ind1=" " ind2=" " tag="500"><subfield code="a">Publishers: Charles Adams, &lt;Aug. 21, 1840&gt;-July 23, 1841; Hull &amp; May, Aug. 4, 1841-Sept. 1, 1841; H.H. Hull, Sept. 8, 1841-Jan. 19, 1842; Henry H. Hull, Jan. 26, 1842-&lt;1843&gt;.</subfield></datafield><datafield ind1=" " ind2=" " tag="500"><subfield code="a">"Whig," &lt;1840&gt;.</subfield></datafield><datafield ind1=" " ind2=" " tag="588"><subfield code="a">Description based on: Vol. 1, no. 2 (Aug. 7, 1840).</subfield></datafield><datafield ind1=" " ind2="0" tag="651"><subfield code="a">Corning (N.Y.)</subfield><subfield code="v">Newspapers.</subfield></datafield><datafield ind1=" " ind2="7" tag="655"><subfield code="a">Newspapers.</subfield><subfield code="2">fast</subfield><subfield code="0">(OCoLC)fst01423814</subfield></datafield><datafield ind1=" " ind2="7" tag="651"><subfield code="a">New York (State)</subfield><subfield code="z">Corning.</subfield><subfield code="2">fast</subfield><subfield code="0">(OCoLC)fst01207976</subfield></datafield><datafield ind1=" " ind2=" " tag="752"><subfield code="a">United States</subfield><subfield code="b">New York</subfield><subfield code="c">Steuben</subfield><subfield code="d">Corning.</subfield></datafield></record>